@article{guttmannat2012,  
  author={Mitchell Guttman and John L. Rinn},
  title={Modular regulatory principles of large non-coding RNAs},
  journal={Nature},
  volume={482},  
  pages={339--346},
  year={2012},
  publisher={Nature Publishing Group}
}

@article{tay2014,  
  author={Yvonne Tay, John Rinn and Pier Paolo Pandolfi},
  title={The multilayered complexity of ceRNA crosstalk and competition},
  journal={Nature},
  volume={505},  
  pages={344--352},
  year={2014},
  publisher={Nature Publishing Group}
}

@article{flicek2014,
  author={Paul Flicek and M. Ridwan Amode and Daniel Barrell and Kathryn Beal and Konstantinos Billis and Simon Brent and Denise Carvalho-Silva and Peter Clapham and Guy Coates and Stephen Fitzgerald and Laurent Gil and Carlos García Girón and Leo Gordon and Thibaut Hourlier and Sarah Hunt and Nathan Johnson and Thomas Juettemann and  Andreas K. Kähäri and Stephen Keenan and Eugene Kulesha and Fergal J. Martin and Thomas Maurel and William M. McLaren and Daniel N. Murphy and Rishi Nag and Bert Overduin and Miguel Pignatelli and Bethan Pritchard and Emily Pritchard and Harpreet S. Riat and Magali Ruffier and Daniel Sheppard and Kieron Taylor and  Anja Thormann and Stephen J. Trevanion and Alessandro Vullo and Steven P. Wilder and Mark Wilson and Amonida Zadissa and Bronwen L. Aken and Ewan Birney and Fiona Cunningham and  Jennifer Harrow and Javier Herrero and Tim J.P. Hubbard and Rhoda Kinsella and Matthieu Muffato and Anne Parker and Giulietta Spudich and Andy Yates and Daniel R. Zerbino and \and Stephen M.J. Searle},
  title={Ensembl 2014},
  journal={Nucleic Acids Res.},
  volume={42},
  pages={749--755},
  year={2014}
}

@article{harrow2012,
  author={Harrow, J. and Frankish, A. and Gonzalez, J. M. and
                  Tapanari, E. and Diekhans, M. and Kokocinski, F. and
                  Aken, BL. and Barrell, D. and Zadissa, A. and
                  Searle, S. and Barnes, I.  and Bignell, A. and
                  Boychenko, V. and Hunt, T. and Kay, M. and
                  Mukherjee, G. and Rajan, J. and Despacio-Reyes,
                  G. and Saunders, G. and Steward, C. and Harte, R.
                  and Lin, M. and Howald, C. and Tanzer, A. and
                  Derrien, T. and Chrast, J. and Walters, N. and
                  Balasubramanian, S. and Pei, B. and Tress, M. and
                  Rodriguez, J. M.  and Ezkurdia, I. and van Baren,
                  J. and Brent, M. and Haussler, D and Kellis, M. and
                  Valencia, A. and Reymond, A. and Gerstein, M. and
                  Guig{\`o}, R. and Hubbard, T. J.},
  title   =   {{GENCODE}: the reference human genome annotation for The {ENCODE} Project},
  journal={Genome Res.},
  volume={22},
  pages={1760--1774},
  year={2012}
}

@article{cabili2011,
  author={Moran N. Cabili and Cole Trapnell and Loyal Goff and Magdalena Koziol and Barbara Tazon-Vega and Aviv Regev and \and John L. Rinn },
  title={Integrative annotation of human large intergenic noncoding RNAs reveals global properties and specific subclasses},
  journal={Genes Dev.},
  volume={25},
  pages={1915--1927},
  year={2011}
}

@article{zhao2016,
  author={Yi Zhao and Hui Li and Shuangsang Fang and Yue Kang and Wei wu and Yajing Hao and Ziyang Li and Dechao Bu and Ninghui Sun and Michael Q. Zhang and Runsheng Chen},
  title={NONCODE 2016: an informative and valuable data source of long non-coding RNAs},
  journal={Nucleic Acids Res.},
  volume={44},
  pages={D203--D208},
  year={2016}
}

@ARTICLE{hoffmann2014,
  title   = "A multi-split mapping algorithm for circular {RNA}, splicing,
             trans-splicing and fusion detection",
  author  = "Hoffmann, Steve and Otto, Christian and Doose, Gero and Tanzer,
             Andrea and Langenberger, David and Christ, Sabina and Kunz,
             Manfred and Holdt, Lesca M and Teupser, Daniel and
             Hackerm{\"u}ller, J{\"o}rg and Stadler, Peter F",
  journal = "Genome Biol.",
  volume  =  15,
  number  =  2,
  pages   = "R34",
  month   =  "10~" # feb,
  year    =  2014,
  issn    = "1465-6906",
  pmid    = "24512684",
  doi     = "10.1186/gb-2014-15-2-r34",
  pmc     = "PMC4056463"
}


@ARTICLE{hoffmann2009,
  title       = "Fast mapping of short sequences with mismatches, insertions
                 and deletions using index structures",
  author      = "Hoffmann, Steve and Otto, Christian and Kurtz, Stefan and
                 Sharma, Cynthia M and Khaitovich, Philipp and Vogel, J{\"o}rg
                 and Stadler, Peter F and Hackerm{\"u}ller, J{\"o}rg",
  affiliation = "Bioinformatics Group, Department of Computer Science,
                 University of Leipzig, Leipzig, Germany.",
  journal     = "PLoS Comput. Biol.",
  volume      =  5,
  number      =  9,
  pages       = "e1000502",
  month       =  sep,
  year        =  2009,
  issn        = "1553-734X, 1553-7358",
  pmid        = "19750212",
  doi         = "10.1371/journal.pcbi.1000502",
  pmc         = "PMC2730575"
}



@ARTICLE{Richter2012-un,
  title       = "Recurrent mutation of the {ID3} gene in Burkitt lymphoma
                 identified by integrated genome, exome and transcriptome
                 sequencing",
  author      = "Richter, Julia and Schlesner, Matthias and Hoffmann, Steve and
                 Kreuz, Markus and Leich, Ellen and Burkhardt, Birgit and
                 Rosolowski, Maciej and Ammerpohl, Ole and Wagener, Rabea and
                 Bernhart, Stephan H and Lenze, Dido and Szczepanowski, Monika
                 and Paulsen, Maren and Lipinski, Simone and Russell, Robert B
                 and Adam-Klages, Sabine and Apic, Gordana and Claviez,
                 Alexander and Hasenclever, Dirk and Hovestadt, Volker and
                 Hornig, Nadine and Korbel, Jan O and Kube, Dieter and
                 Langenberger, David and Lawerenz, Chris and Lisfeld, Jasmin
                 and Meyer, Katharina and Picelli, Simone and Pischimarov,
                 Jordan and Radlwimmer, Bernhard and Rausch, Tobias and Rohde,
                 Marius and Schilhabel, Markus and Scholtysik, Ren{\'e} and
                 Spang, Rainer and Trautmann, Heiko and Zenz, Thorsten and
                 Borkhardt, Arndt and Drexler, Hans G and M{\"o}ller, Peter and
                 MacLeod, Roderick A F and Pott, Christiane and Schreiber,
                 Stefan and Tr{\"u}mper, Lorenz and Loeffler, Markus and
                 Stadler, Peter F and Lichter, Peter and Eils, Roland and
                 K{\"u}ppers, Ralf and Hummel, Michael and Klapper, Wolfram and
                 Rosenstiel, Philip and Rosenwald, Andreas and Brors, Benedikt
                 and Siebert, Reiner and {ICGC MMML-Seq Project}",
  affiliation = "Institute of Human Genetics, Christian-Albrechts-University,
                 Kiel, Germany.",
  journal     = "Nat. Genet.",
  volume      =  44,
  number      =  12,
  pages       = "1316--1320",
  month       =  dec,
  year        =  2012,
  issn        = "1061-4036, 1546-1718",
  pmid        = "23143595",
  doi         = "10.1038/ng.2469"
}
